% Encoding: UTF-8

@Article{Greggersen,
  author    = {Valentin Greggersen},
  journal   = {Reset},
  title     = {{Denken in Kreisläufen - Die Circular Economy als Schlüssel für nachhaltiges Wirtschaften?}},
  year      = {April 2017},
  timestamp = {2020-12-16},
  url       = {https://reset.org/knowledge/denken-kreislaeufen-die-circular-economy-als-schluessel-fuer-nachhaltiges-wirtschaften-072},
}

@Article{Gruenes_Kino,
  author    = {Grünes_Kino},
  title     = {{Zielsetzungen der Kreislaufwirtschaft}},
  timestamp = {2020-12-16},
  url       = {https://xn--grneskino-r9a.de/blog/zielsetzungen-der-kreislaufwirtschaft/},
}

@Article{GablerWirtschaftslexikon,
  author    = {Prof. Dr. Daniel Markgraf},
  journal   = {GablerWirtschaftslexikon},
  title     = {Produktgestaltung},
  year      = {Februar 2018},
  timestamp = {2020-12-16},
  url       = {https://wirtschaftslexikon.gabler.de/definition/produktgestaltung-46586/version-269864},
}

@Article{CelebrityCruises,
  author    = {Celebrity Cruises},
  title     = {{Save the Waves}},
  year      = {2020},
  timestamp = {2020-12-16},
  url       = {https://www.celebritycruises.com/about-us/sustainability-efforts/save-the-waves},
}

@Article{CruiseCritic,
  author    = {Elissa Garay, Melissa Paloti},
  journal   = {CruiseCritic},
  title     = {{Green Cruising}},
  year      = {März, 2020},
  timestamp = {2020-12-16},
  url       = {https://www.cruisecritic.com/articles.cfm?ID=528},
}

@Article{Umweltbundesamtes,
  author    = {Prakash, Siddharth and Dehoust, Günther and Gsell, Martin and Schleicher, Tobias and Stamminger, Prof. Dr. Rainer},
  journal   = {Umweltbundesamt},
  title     = {{Einfluss der Nutzungsdauer von Produkten auf ihre Umweltwirkung: Schaffung einer Informationsgrundlage und Entwicklung von Strategien gegen „Obsoleszenz“}},
  year      = {Februar, 2016},
  timestamp = {2020-12-16},
  url       = {https://www.umweltbundesamt.de/publikationen/einfluss-der-nutzungsdauer-von-produkten-auf-ihre-1},
}

@Article{WERTGARANTIE,
  author    = {WERTGARANTIE},
  title     = {{Ist Ihr Handy kaputt? Das sind die häufigsten Schäden}},
  timestamp = {2020-12-16},
  url       = {https://www.wertgarantie.de/ratgeber/tipps-und-tricks/smartphone/ist-ihr-handy-kaputt-das-sind-die-haeufigsten-schaeden},
}

@Article{Prenner,
  author    = {Thomas Prenner},
  journal   = {Futurezone},
  title     = {{Warum werden Akkus mit der Zeit schlechter?}},
  year      = {März, 2019},
  timestamp = {2020-12-16},
  url       = {https://futurezone.at/produkte/warum-werden-akkus-mit-der-zeit-schlechter/400422761},
}

@Article{Gutberlet,
  author    = {Dr. Anna-Lena Gutberlet},
  journal   = {Elekktronikpraxis},
  title     = {{Was ist geplante Obsoleszenz?}},
  year      = {Januar, 2017},
  timestamp = {2020-12-16},
  url       = {https://www.elektronikpraxis.vogel.de/was-ist-geplante-obsoleszenz-a-576644/},
}

@Article{Greenpeace,
  author    = {Manfred Santen},
  journal   = {Greenpeace e.V},
  title     = {{Greenpeace-Ratgeber „GrüneElektronik 2017“}},
  year      = {Oktober, 2017},
  timestamp = {2020-12-16},
  url       = {https://www.greenpeace.de/sites/www.greenpeace.de/files/publications/20171017-factsheet-greenpeace-green-it-guide.pdf},
}

@Article{Spiegel,
  author    = {Axel Bojanowski},
  journal   = {Spiegel Wissenschaft},
  title     = {{Europas Gift verseucht Spielplätze in Afrika}},
  year      = {Dezember, 2011},
  timestamp = {2020-12-16},
  url       = {https://www.spiegel.de/wissenschaft/technik/uno-studie-zu-elektroschrott-europas-gift-verseucht-spielplaetze-in-afrika-a-794843.html},
}

@Article{Umweltbundesamt2019,
  author    = {Fischer, Dr. Corinna and Moch, Katja and Prakash, Siddharth and e.V., Dr. Jenny Teufel Öko-Institut and Stieß, Freiburg Dr. Immanuel and für sozial-ökologische Forschung, Sarah KresseI S. O. E. Institut and network, Frankfurt Barbara Birzle-Harderergo},
  journal   = {Umweltbundesamt},
  title     = {{Nachhaltige Produkte – attraktiv für Verbraucherinnen und Verbraucher?}},
  year      = {Februar, 2019},
  timestamp = {2020-12-18},
  url       = {https://www.umweltbundesamt.de/sites/default/files/medien/1410/publikationen/2019-02-19_texte_11-2019_nachhaltige-produkte.pdf},
}

@Article{Wikipedia,
  author    = {Deef},
  journal   = {Wikipedia.org},
  title     = {{Darstellung der Umsatz-, Gewinn- und Gewinnratekurve im zeitlichen Verlauf des Produktlebenszyklus}},
  timestamp = {2020-12-18},
  url       = {https://de.wikipedia.org/wiki/Produktlebenszyklus},
}

@Article{Boeing15.06.20,
  author    = {Boeing},
  journal   = {aero Telegraph},
  title     = {{Alles, was Sie über Winglets wissen sollten}},
  year      = {Juni, 2020},
  timestamp = {2020-12-18},
  url       = {https://www.aerotelegraph.com/alles-was-sie-ueber-winglets-wissen-sollten},
}

@Article{Airbus,
  author    = {Airbus},
  title     = {{Airbus presents the A380plus}},
  year      = {Juni, 2017},
  timestamp = {2020-12-18},
  url       = {https://www.airbus.com/newsroom/press-releases/en/2017/06/airbus-presents-the-a380plus.html},
}

@Article{Stern,
  author    = {Gernot Kramper},
  journal   = {Stern},
  title     = {{Tschüss Nespresso: Kapselkaffee ohne Alu-Müll}},
  year      = {Mai, 2017},
  timestamp = {2020-12-18},
  url       = {https://www.stern.de/wirtschaft/news/oekologische-kaffeekapseln-ohne-das-nespresso-problem-mit-dem-alu-muell-6855918.html},
}

@Article{GreenpeaceRanking,
  author    = {Greenpeace},
  journal   = {Klimaretter.Info},
  title     = {{Greenpeace-Ranking zu grüner Elektronik}},
  year      = {Juli, 2008},
  timestamp = {2020-12-18},
  url       = {http://www.klimaretter.info/wirtschaft/hintergrund/1099-greenpeace-ranking-zu-gr-elektronik},
}

@Comment{jabref-meta: databaseType:bibtex;}
