%% LaTeX2e file `Sustainability in the supplychain.bib'
%% generated by the `filecontents' environment
%% from source `"Sustainability in the supplychain"' on 2020/10/27.
%%
@ARTICLE {pv,
    author = "Weckend, Stephanie and Wade, Andreas and Heath, Garvin",
    title  = "End-of-life management: Solar Photovoltaic Panels",
    year   = "2016",
    month  = 6,
    ISBN = "978-92-95111-99-8"
}

@MISC{finanzministerium,
	type			= {Norm},
	key				= {193ff AO , § 7 Abs 1 EStG},
	number			= {193ff AO , § 7 Abs 1 EStG},
	month			= 12,
	year			= {2000},
	title			= {AfA-Tabelle für die allgemein verwendbaren Anlagegüter (AfA-Tabelle "AV")},
	howpublished={\url{https://www.bundesfinanzministerium.de/Content/DE/Standardartikel/Themen/Steuern/Weitere_Steuerthemen/Betriebspruefung/AfA-Tabellen/Ergaenzende-AfA-Tabellen/AfA-Tabelle_AV.pdf?__blob=publicationFile&v=3}}
}

@MISC{diesel,
author = {Deutsches Kraftfahrzeuggewerbe},
title = {Wie viel CO2 pro Liter Sprit erzeugt ein PKW?},
month = 3,
year = {2017},
howpublished={\url{https://www.kfzgewerbe.de/mitglieder/werkstatt-teile/umwelt/wie-viel-co2-pro-liter-sprit-erzeugt-ein-pkw.html}}
}

@techreport{vdi,
    %author    = "",
    title     = "Ökobilanz von Pkws mit verschiedenen Antriebssystemen",
    institution = "VDI-Gesellschaft Fahrzeug- und Verkehrstechnik",
    %type     = "", 
    %number   = "",
    %address  = "",
    year      = "2020",
    month    = "10",
    %note     = "",
}

@INPROCEEDINGS{mp,  
	author={K. {Schischke} and M. {Proske} and N. F. {Nissen} and K. {Lang}}, 
	booktitle={2016 Electronics Goes Green 2016+ (EGG)},
	title={Modular products: Smartphone design from a circular economy perspective},
	year={2016}, 
	pages={1-8},
	doi={10.1109/EGG.2016.7829810},
}

@MISC{mpd,
	author = {Revellio, Ferdinand and Amend, Clara and Hansen, Erik and Schaltegger, Stefan},
	year = {2020},
	month = {1},
	title = {Business Opportunities for Sustainable Modular Product Designs: Briefing Paper of the 'Innovation Network aiming at Sustainable Smartphones' (INaS)},
	howpublished={\url{https://www.researchgate.net/publication/339210230}}
}

@techreport{modest,
	author = {Proske, Marina and Baur, Sarah-Jane and Rückschloss, Jana and Teusch, Christoph and Krause, Thomas and Poppe, Erik},
	title = {Bestandsaufnahme Smartphones - Übersicht Modellhistorie und modulare Konzepte},
	institution = {Fraunhofer-Institut},
	year = {2020},
	month = {6},
	howpublished={\url{https://modest-projekt.de/?page_id=583}},
}