%% LaTeX2e file `Sustainability in the supplychain.bib'
%% generated by the `filecontents' environment
%% from source `"Sustainability in the supplychain"' on 2020/10/27.
%%
@ARTICLE {pv,
    author = "Weckend, Stephanie and Wade, Andreas and Heath, Garvin",
    title  = "End-of-life management: Solar Photovoltaic Panels",
    year   = "2016",
    month  = 6,
    ISBN = "978-92-95111-99-8"
}

@MISC{finanzministerium,
	type			= {Norm},
	key				= {193ff AO , § 7 Abs 1 EStG},
	number			= {193ff AO , § 7 Abs 1 EStG},
	month			= 12,
	year			= {2000},
	title			= {AfA-Tabelle für die allgemein verwendbaren Anlagegüter (AfA-Tabelle "AV")},
	howpublished={\url{https://www.bundesfinanzministerium.de/Content/DE/Standardartikel/Themen/Steuern/Weitere_Steuerthemen/Betriebspruefung/AfA-Tabellen/Ergaenzende-AfA-Tabellen/AfA-Tabelle_AV.pdf?__blob=publicationFile&v=3}}
}

@MISC{diesel,
author = {Deutsches Kraftfahrzeuggewerbe},
title = {Wie viel CO2 pro Liter Sprit erzeugt ein PKW?},
month = 3,
year = {2017},
howpublished={\url{https://www.kfzgewerbe.de/mitglieder/werkstatt-teile/umwelt/wie-viel-co2-pro-liter-sprit-erzeugt-ein-pkw.html}}
}

@techreport{vdi,
    %author    = "",
    title     = "Ökobilanz von Pkws mit verschiedenen Antriebssystemen",
    institution = "VDI-Gesellschaft Fahrzeug- und Verkehrstechnik",
    %type     = "", 
    %number   = "",
    %address  = "",
    year      = "2020",
    month    = "10",
    %note     = "",
}